<marcxml:record xmlns:xlink="http://www.w3.org/1999/xlink" xmlns:marcxml="http://www.loc.gov/MARC21/slim" xmlns:mets="http://www.loc.gov/METS/" xmlns:mxe="http://www.loc.gov/mxe" xmlns:rdf="http://www.w3.org/1999/02/22-rdf-syntax-ns#" xmlns:rdfs="http://www.w3.org/2000/01/rdf-schema#" xmlns:skos="http://www.w3.org/2004/02/skos/core#" xmlns:madsrdf="http://www.loc.gov/mads/rdf/v1#" xmlns:ri="http://id.loc.gov/ontologies/RecordInfo#" xmlns:sem="http://marklogic.com/semantics">
  <marcxml:leader>00737cz  a2200193n  4500</marcxml:leader>
  <marcxml:controlfield tag="001">nr2002011359</marcxml:controlfield>
  <marcxml:controlfield tag="003">DLC</marcxml:controlfield>
  <marcxml:controlfield tag="005">20100527080426.0</marcxml:controlfield>
  <marcxml:controlfield tag="008">020321n| acannaabn          |n ana     c</marcxml:controlfield>
  <marcxml:datafield tag="010" ind1=" " ind2=" ">
    <marcxml:subfield code="a">nr2002011359</marcxml:subfield>
  </marcxml:datafield>
  <marcxml:datafield tag="034" ind1=" " ind2=" ">
    <marcxml:subfield code="d">E0125215</marcxml:subfield>
    <marcxml:subfield code="e">E0125215</marcxml:subfield>
    <marcxml:subfield code="f">N0415502</marcxml:subfield>
    <marcxml:subfield code="g">N0415502</marcxml:subfield>
    <marcxml:subfield code="2">geonames</marcxml:subfield>
  </marcxml:datafield>
  <marcxml:datafield tag="035" ind1=" " ind2=" ">
    <marcxml:subfield code="a">(OCoLC)oca05720949</marcxml:subfield>
  </marcxml:datafield>
  <marcxml:datafield tag="040" ind1=" " ind2=" ">
    <marcxml:subfield code="a">NNFr</marcxml:subfield>
    <marcxml:subfield code="b">eng</marcxml:subfield>
    <marcxml:subfield code="c">NNFr</marcxml:subfield>
    <marcxml:subfield code="d">OCoLC</marcxml:subfield>
  </marcxml:datafield>
  <marcxml:datafield tag="043" ind1=" " ind2=" ">
    <marcxml:subfield code="a">e-it---</marcxml:subfield>
  </marcxml:datafield>
  <marcxml:datafield tag="151" ind1=" " ind2=" ">
    <marcxml:subfield code="a">San Gregorio da Sassola (Italy)</marcxml:subfield>
  </marcxml:datafield>
  <marcxml:datafield tag="670" ind1=" " ind2=" ">
    <marcxml:subfield code="a">Gli affreschi del cardinale Prospero Santacroce nel castello di San Gregorio da Sassola, 2001.</marcxml:subfield>
  </marcxml:datafield>
  <marcxml:datafield tag="670" ind1=" " ind2=" ">
    <marcxml:subfield code="a">GEOnet, Mar. 21, 2002:</marcxml:subfield>
    <marcxml:subfield code="b">(San Gregorio da Sassola; 415̊5'00" N., 0125̊2'00" E.)</marcxml:subfield>
  </marcxml:datafield>
  <marcxml:datafield tag="670" ind1=" " ind2=" ">
    <marcxml:subfield code="a">GeoNames, algorithmically matched, 2009</marcxml:subfield>
    <marcxml:subfield code="b">(ppl; 41°55ʹ02ʺN 012°52ʹ15ʺE)</marcxml:subfield>
  </marcxml:datafield>
  <marcxml:datafield tag="781" ind1=" " ind2="0">
    <marcxml:subfield code="z">Italy</marcxml:subfield>
    <marcxml:subfield code="z">San Gregorio da Sassola</marcxml:subfield>
  </marcxml:datafield>
</marcxml:record>
